<?xml version="1.0" encoding="UTF-8"?><collection xmlns="http://www.loc.gov/MARC21/slim"><record><leader>00377nam--2200109-i-4500</leader><controlfield tag="001">000028689</controlfield><controlfield tag="002">20161230</controlfield><controlfield tag="005">20161230201037</controlfield><controlfield tag="008">060222s1000------------r-----000-0-eng-d</controlfield><datafield ind1=" " ind2=" " tag="245"><subfield code="a">Les houches, ecole d`ete de physique theorique. sessions: ix 1959: la theorie des gas neutres et ionises. le probleme des n corps a temperature non nulle</subfield></datafield><datafield ind1=" " ind2=" " tag="260"><subfield code="a">Paris, Herman, 1959</subfield></datafield><datafield ind1=" " ind2=" " tag="852"><subfield code="a">16444</subfield></datafield></record></collection>